<record><leader>00000cas a22000007a 4500</leader><controlfield tag="001">24464936</controlfield><controlfield tag="008">910927d19uu19uuwauwr ne      0    0eng d</controlfield><datafield ind1=" " ind2=" " tag="010"><subfield code="a">sn 91070004 </subfield></datafield><datafield ind1=" " ind2=" " tag="040"><subfield code="a">NPH</subfield><subfield code="b">eng</subfield><subfield code="c">NPH</subfield><subfield code="d">DLC</subfield><subfield code="d">OCLCQ</subfield><subfield code="d">OCLCO</subfield></datafield><datafield ind1="1" ind2=" " tag="029"><subfield code="a">AU@</subfield><subfield code="b">000025868809</subfield></datafield><datafield ind1=" " ind2=" " tag="042"><subfield code="a">msc</subfield></datafield><datafield ind1=" " ind2=" " tag="043"><subfield code="a">n-us-wa</subfield><subfield code="a">n-us---</subfield></datafield><datafield ind1="0" ind2=" " tag="130"><subfield code="a">Interceptor (Moses Lake, Wash.)</subfield></datafield><datafield ind1="1" ind2="4" tag="245"><subfield code="a">The interceptor.</subfield></datafield><datafield ind1=" " ind2=" " tag="260"><subfield code="a">Moses Lake, Wa. :</subfield><subfield code="b">Columbia Basin Herald</subfield></datafield><datafield ind1=" " ind2=" " tag="300"><subfield code="a">v. :</subfield><subfield code="b">ill.</subfield></datafield><datafield ind1=" " ind2=" " tag="310"><subfield code="a">Weekly</subfield></datafield><datafield ind1=" " ind2=" " tag="500"><subfield code="a">"Published ... for personnel of Larson Air Force Base, Moses Lake, Wa., a Fourth Air Force installation of the Continental Air Command."</subfield></datafield><datafield ind1=" " ind2=" " tag="588"><subfield code="a">Description based on: Vol. 1, no. 26 (Oct. 27, 1950).</subfield></datafield><datafield ind1=" " ind2="0" tag="650"><subfield code="a">Military bases, American</subfield><subfield code="z">Washington</subfield><subfield code="v">Newspapers.</subfield></datafield><datafield ind1=" " ind2="0" tag="651"><subfield code="a">United States</subfield><subfield code="x">Armed Forces</subfield><subfield code="z">Washington</subfield><subfield code="v">Newspapers.</subfield></datafield><datafield ind1="2" ind2=" " tag="710"><subfield code="a">Larson Air Force Base (Wash.)</subfield></datafield><datafield ind1=" " ind2=" " tag="752"><subfield code="a">United States</subfield><subfield code="b">Washington</subfield><subfield code="c">Grant</subfield><subfield code="d">Moses Lake.</subfield></datafield></record>